@article{beltran2020variable,
  title   = {{Variable Compliance Control for Robotic Peg-in-Hole Assembly: A Deep Reinforcement Learning Approach}},
  author  = {Beltran-Hernandez, Cristian C and Petit, Damien and Ramirez-Alpizar, Ixchel G and Harada, Kensuke},
  journal = {Applied Sciences},
  volume  = {10},
  number  = {19},
  year    = {2020},
}

@misc{blender,
  title  = {{Blender 4.0}},
  author = {{Blender Development Team}},
  url    = {https://blender.org},
}

@article{cho2020learning,
  title   = {{Learning, Improving, and Generalizing Motor Skills for the Peg-in-Hole Tasks Based on Imitation Learning and Self-Learning}},
  author  = {Cho, Nam Jun and Lee, Sang Hyoung and Kim, Jong Bok and Suh, Il Hong},
  journal = {Applied Sciences},
  volume  = {10},
  number  = {8},
  year    = {2020},
}

@article{ding2019transferable,
  title   = {{Transferable Force-Torque Dynamics Model for Peg-in-hole Task}},
  author  = {Ding, Junfeng and Wang, Chen and Lu, Cewu},
  journal = {arXiv preprint arXiv:1912.00260},
  year    = {2019},
}

@article{elguea2023review,
  title   = {A review on reinforcement learning for contact-rich robotic manipulation tasks},
  author  = {Elguea-Aguinaco, {\'I}{\~n}igo and Serrano-Mu{\~n}oz, Antonio and Chrysostomou, Dimitrios and Inziarte-Hidalgo, Ibai and B{\o}gh, Simon and Arana-Arexolaleiba, Nestor},
  journal = {Robotics and Computer-Integrated Manufacturing},
  volume  = {81},
  year    = {2023},
}

@misc{esa2023in_orbit_servicing,
  author = {{European Space Agency (ESA)}},
  title  = {{ESA moves ahead with In-Orbit Servicing missions}},
  year   = {2023},
}

@inproceedings{haarnoja2018soft,
  title     = {{Soft Actor-Critic: Off-Policy Maximum Entropy Deep Reinforcement Learning with a Stochastic Actor}},
  author    = {Haarnoja, Tuomas and Zhou, Aurick and Abbeel, Pieter and Levine, Sergey},
  booktitle = {International Conference on Machine Learning (ICML)},
  year      = {2018},
}

@article{hafner2023mastering,
  title   = {{Mastering Diverse Domains through World Models}},
  author  = {Hafner, Danijar and Pasukonis, Jurgis and Ba, Jimmy and Lillicrap, Timothy},
  journal = {arXiv preprint arXiv:2301.04104},
  year    = {2023},
}

@article{hochreiter1997long,
  title   = {{Long Short-Term Memory}},
  author  = {Hochreiter, Sepp and Schmidhuber, J{\"u}rgen},
  journal = {Neural Computation},
  volume  = {9},
  number  = {8},
  year    = {1997},
}

@inproceedings{inoue2017deep,
  title     = {{Deep Reinforcement Learning for High Precision Assembly Tasks}},
  author    = {Inoue, Tadanobu and De Magistris, Giovanni and Munawar, Asim and Yokoya, Tsuyoshi and Tachibana, Ryuki},
  booktitle = {IEEE/RSJ International Conference on Intelligent Robots and Systems (IROS)},
  year      = {2017},
}

@article{jasim2017contact,
  title   = {{Contact-State Modelling in Force-Controlled Robotic Peg-in-Hole Assembly Processes of Flexible Objects Using Optimised Gaussian Mixtures}},
  author  = {Jasim, Ibrahim F and Plapper, Peter W and Voos, Holger},
  journal = {Proceedings of the Institution of Mechanical Engineers, Part B: Journal of Engineering Manufacture},
  volume  = {231},
  number  = {8},
  year    = {2017},
}

@article{lee2022contact,
  title   = {{Contact State Estimation for Peg-in-Hole Assembly Using Gaussian Mixture Model}},
  author  = {Lee, Haeseong and Park, Suhan and Jang, Keunwoo and Kim, Seungyeon and Park, Jaeheung},
  journal = {IEEE Robotics and Automation Letters},
  volume  = {7},
  number  = {2},
  year    = {2022},
}

@article{li2022multiple,
  title   = {Multiple peg-in-hole compliant assembly based on a learning-accelerated deep deterministic policy gradient strategy},
  author  = {Li, Xinwang and Xiao, Juliang and Zhao, Wei and Liu, Haitao and Wang, Guodong},
  journal = {Industrial Robot},
  volume  = {49},
  number  = {1},
  year    = {2022},
}

@inproceedings{luo2018deep,
  title     = {{Deep Reinforcement Learning for Robotic Assembly of Mixed Deformable and Rigid Objects}},
  author    = {Luo, Jianlan and Solowjow, Eugen and Wen, Chengtao and Ojea, Juan Aparicio and Agogino, Alice M},
  booktitle = {IEEE/RSJ International Conference on Intelligent Robots and Systems (IROS)},
  year      = {2018},
}

@article{macklin2020local,
  title   = {{Local Optimization for Robust Signed Distance Field Collision}},
  author  = {Macklin, Miles and Erleben, Kenny and M{\"u}ller, Matthias and Chentanez, Nuttapong and Jeschke, Stefan and Corse, Zach},
  journal = {Proceedings of the ACM on Computer Graphics and Interactive Techniques},
  volume  = {3},
  number  = {1},
  year    = {2020},
}

@article{mnih2015human,
  author   = {Mnih, Volodymyr and Kavukcuoglu, Koray and
              Silver, David and Rusu, Andrei A. and Veness, Joel and
              Bellemare, Marc G. and Graves, Alex and
              Riedmiller, Martin and Fidjeland, Andreas K. and
              Ostrovski, Georg and Petersen, Stig and
              Beattie, Charles and Sadik, Amir and
              Antonoglou, Ioannis and King, Helen and
              Kumaran, Dharshan and Wierstra, Daan and Legg, Shane and
              Hassabis, Demis},
  title    = {Human-level control through deep reinforcement learning},
  year     = {2015},
  journal  = {Nature},
  number   = {7540},
  volume   = {518},
  doi      = {10.1038/nature14236},
  issn     = {1476-4687},
  language = {en},
}

@misc{nasa2020artemis,
  author = {{National Aeronautics and Space Administration (NASA)}},
  title  = {{Artemis Plan: NASA's Lunar Exploration Program Overview}},
  year   = {2020},
}

@misc{omniverse,
  title  = {{NVIDIA Omniverse}},
  author = {{NVIDIA Corporation}},
  url    = {https://nvidia.com/omniverse},
}

@inproceedings{orsula2022learning,
  author    = {Andrej Orsula and Simon B{\o}gh and Miguel Olivares-Mendez and Carol Martinez},
  title     = {{Learning to Grasp on the Moon from 3D Octree Observations with Deep Reinforcement Learning}},
  year      = {2022},
  booktitle = {IEEE/RSJ International Conference on Intelligent Robots and Systems (IROS)},
  doi       = {10.1109/IROS47612.2022.9981661},
}

@article{schulman2017proximal,
  title   = {{Proximal Policy Optimization Algorithms}},
  author  = {Schulman, John and Wolski, Filip and Dhariwal, Prafulla and Radford, Alec and Klimov, Oleg},
  journal = {arXiv preprint arXiv:1707.06347},
  year    = {2017},
}

@inproceedings{tang2016autonomous,
  title     = {{Autonomous Alignment of Peg and Hole by Force/Torque Measurement for Robotic Assembly}},
  author    = {Tang, Te and Lin, Hsien-Chung and Zhao, Yu and Chen, Wenjie and Tomizuka, Masayoshi},
  booktitle = {IEEE International Conference on Automation Science and Engineering (CASE)},
  year      = {2016},
}

@inproceedings{tang2016teach,
  title     = {{Teach Industrial Robots Peg-Hole-Insertion by Human Demonstration}},
  author    = {Tang, Te and Lin, Hsien-Chung and Zhao, Yu and Fan, Yongxiang and Chen, Wenjie and Tomizuka, Masayoshi},
  booktitle = {IEEE International Conference on Advanced Intelligent Mechatronics (AIM)},
  year      = {2016},
}

@inproceedings{thomas2018learning,
  title     = {{Learning Robotic Assembly from CAD}},
  author    = {Thomas, Garrett and Chien, Melissa and Tamar, Aviv and Ojea, Juan Aparicio and Abbeel, Pieter},
  booktitle = {IEEE International Conference on Robotics and Automation (ICRA)},
  year      = {2018},
}

@inproceedings{tobin2017domain,
  title     = {{Domain Randomization for Transferring Deep Neural Networks from Simulation to the Real World}},
  author    = {Tobin, Josh and Fong, Rachel and Ray, Alex and Schneider, Jonas and Zaremba, Wojciech and Abbeel, Pieter},
  booktitle = {IEEE/RSJ International Conference on Intelligent Robots and Systems (IROS)},
  year      = {2017},
}

@article{wan2017optimal,
  title   = {{Optimal Path Planning and Control of Assembly Robots for Hard-Measuring Easy-Deformation Assemblies}},
  author  = {Wan, An and Xu, Jing and Chen, Heping and Zhang, Song and Chen, Ken},
  journal = {IEEE/ASME Transactions on Mechatronics},
  volume  = {22},
  number  = {4},
  year    = {2017},
}

@article{wang2022deep,
  title   = {{Deep Reinforcement Learning for Peg-in-hole Assembly Task Via Information Utilization Method}},
  author  = {Wang, Fei and Cui, Ben and Liu, Yue and Ren, Baiming},
  journal = {Journal of Intelligent \& Robotic Systems},
  volume  = {106},
  number  = {1},
  year    = {2022},
}

@article{wang2023learning,
  title   = {{Learning Robotic Insertion Tasks From Human Demonstration}},
  author  = {Wang, Kaimeng and Zhao, Yu and Sakuma, Ichiro},
  journal = {IEEE Robotics and Automation Letters},
  year    = {2023},
}

@article{xu2019compare,
  title   = {{Compare Contact Model-based Control and Contact Model-free Learning: A Survey of Robotic Peg-in-hole Assembly Strategies}},
  author  = {Xu, Jing and Hou, Zhimin and Liu, Zhi and Qiao, Hong},
  journal = {arXiv preprint arXiv:1904.05240},
  year    = {2019},
}

@article{zhihui2021review,
  title   = {Review of in-space assembly technologies},
  author  = {Zhihui, XUE and Jinguo, LIU and Chenchen, WU and Yuchuang, TONG},
  journal = {Chinese Journal of Aeronautics},
  volume  = {34},
  number  = {11},
  year    = {2021},
}

@inproceedings{zhou2019continuity,
  title     = {{On the Continuity of Rotation Representations in Neural Networks}},
  author    = {Zhou, Yi and Barnes, Connelly and Lu, Jingwan and Yang, Jimei and Li, Hao},
  booktitle = {IEEE/CVF Conference on Computer Vision and Pattern Recognition (CVPR)},
  year      = {2019},
}
